@article{Estrada-Jimenez2017,
author = {Estrada-Jimenez, Jose and Parra-Arnau, Javier and Rodriguez-Hoyos, Ana and Forne, Jordi},
doi = {10.1016/j.comcom.2016.12.016},
issn = {01403664},
journal = {Computer Communications},
keywords = {Online advertising,Privacy risks,User profiling,Web tracking},
pages = {32--51},
title = {{Online advertising: Analysis of privacy threats and protection approaches}},
volume = {100},
year = {2017}
}